<record><leader>00000cas a22000007a 4500</leader><controlfield tag="001">15808083</controlfield><controlfield tag="008">870604d19131913inuwr ne      0    0eng d</controlfield><datafield ind1=" " ind2=" " tag="010"><subfield code="a">sn 87056046 </subfield></datafield><datafield ind1=" " ind2=" " tag="040"><subfield code="a">NPI</subfield><subfield code="b">eng</subfield><subfield code="c">NPI</subfield><subfield code="d">OCLCQ</subfield><subfield code="d">IUL</subfield></datafield><datafield ind1=" " ind2=" " tag="042"><subfield code="a">msc</subfield></datafield><datafield ind1="0" ind2="4" tag="245"><subfield code="a">The Weekly Pharos-reporter.</subfield></datafield><datafield ind1=" " ind2=" " tag="260"><subfield code="a">Logansport, Ind. :</subfield><subfield code="b">Pharos-Reporter Co.,</subfield><subfield code="c">1913.</subfield></datafield><datafield ind1=" " ind2=" " tag="310"><subfield code="a">Weekly</subfield></datafield><datafield ind1="0" ind2=" " tag="362"><subfield code="a">May 7, 1913-July 23, 1913.</subfield></datafield><datafield ind1=" " ind2=" " tag="580"><subfield code="a">Daily ed.: Daily Pharos-reporter.</subfield></datafield><datafield ind1=" " ind2=" " tag="752"><subfield code="a">United States</subfield><subfield code="b">Indiana</subfield><subfield code="c">Cass</subfield><subfield code="d">Logansport.</subfield></datafield><datafield ind1="1" ind2=" " tag="775"><subfield code="t">Daily Pharos-reporter</subfield><subfield code="w">(DLC)sn 87056042</subfield><subfield code="w">(OCoLC)15862791</subfield></datafield><datafield ind1="0" ind2="4" tag="780"><subfield code="t">Saturday Pharos</subfield><subfield code="w">(DLC)sn 87056031</subfield><subfield code="w">(OCoLC)15798125</subfield></datafield><datafield ind1="0" ind2="4" tag="780"><subfield code="t">Logansport weekly reporter</subfield><subfield code="w">(DLC)sn 87056036</subfield><subfield code="w">(OCoLC)15861440</subfield></datafield><datafield ind1="0" ind2="7" tag="785"><subfield code="t">Daily Pharos-reporter</subfield><subfield code="w">(DLC)sn 87056042</subfield><subfield code="w">(OCoLC)15862791</subfield></datafield><datafield ind1="0" ind2="7" tag="785"><subfield code="t">Logansport Pharos-reporter</subfield><subfield code="w">(DLC)sn 87056048</subfield><subfield code="w">(OCoLC)15864238</subfield></datafield></record>